

@book{larman_applyingUmlAndPatterns_2004,
  added-at = {2013-02-28T11:13:35.000+0100},
  address = {Upper Saddle River, NJ, USA},
  author = {Larman, Craig},
  isbn = {0131489062},
  publisher = {Prentice Hall PTR},
  title = {Applying UML and Patterns: An Introduction to Object-Oriented Analysis and Design and Iterative Development (3rd Edition)},
  year = 2004
}
